@book{ochsnerTextverarbeitungssystemLaTeX2015,
  title = {Das {{Textverarbeitungssystem LaTeX}}},
  author = {{\"O}chsner, Marco and {\"O}chsner, Andreas},
  year = {2015},
  series = {Essentials},
  publisher = {{Springer Fachmedien Wiesbaden}},
  address = {{Wiesbaden}},
  isbn = {978-3-658-09502-4 978-3-658-09503-1},
  file = {C\:\\Users\\benja\\Zotero\\storage\\3XH9M37X\\Öchsner und Öchsner - 2015 - Das Textverarbeitungssystem LaTeX.pdf}
}
